@misc{velikovi2017graph,
    title={Graph Attention Networks},
    author={Petar Veličković and Guillem Cucurull and Arantxa Casanova and Adriana Romero and Pietro Liò and Yoshua Bengio},
    year={2017},
    eprint={1710.10903},
    archivePrefix={arXiv},
    primaryClass={stat.ML}
}

@misc{gu2019link,
    title={Link Prediction via Graph Attention Network},
    author={Weiwei Gu and Fei Gao and Xiaodan Lou and Jiang Zhang},
    year={2019},
    eprint={1910.04807},
    archivePrefix={arXiv},
    primaryClass={cs.SI}
}

@misc{gagflp,
  title = {GraphSAGE and GAT for Link Prediction},
  howpublished = {\url{https://github.com/raunakkmr/GraphSAGE-and-GAT-for-link-prediction}},
  note = {Accessed: 2020-06-25}
  }
  
 @inproceedings{nr,
     title={The Network Data Repository with Interactive Graph Analytics and Visualization},
     author={Ryan A. Rossi and Nesreen K. Ahmed},
     booktitle={AAAI},
     url={http://networkrepository.com},
     year={2015}
}

@article{article,
author = {Hamilton, William and Ying, Rex and Leskovec, Jure},
year = {2017},
month = {06},
pages = {},
title = {Inductive Representation Learning on Large Graphs}
}


@article{lstm,
author = {Hochreiter, Sepp and Schmidhuber, Jürgen},
title = {Long Short-Term Memory},
journal = {Neural Computation},
volume = {9},
number = {8},
pages = {1735-1780},
year = {1997},
doi = {10.1162/neco.1997.9.8.1735},
URL = {https://doi.org/10.1162/neco.1997.9.8.1735},
eprint = {https://doi.org/10.1162/neco.1997.9.8.1735}
}